@Misc{
    github:opendata,
    author = "{Open Knowledge Foundation}",
    title = "Open data",
    year = "2020",
    url = "https://github.com/okfn/opendatahandbook/blob/fbaa8d34ce10957414687f36a7fbfab8a733b6c5/guide/el/what-is-open-data/index.md",
    urldate = {2020-10-20}
}