@article{Gurstein_2011, title={Open data: Empowering the empowered or effective data use for everyone?}, volume={16}, url={https://firstmonday.org/ojs/index.php/fm/article/view/3316}, DOI={10.5210/fm.v16i2.3316}, abstractNote={This paper takes a supportive but critical look at “open data” from the perspective of its possible impact on the poor and marginalized and concludes that there may be cause for concern in the absence of specific measures being taken to ensure that there are supports for ensuring a wide basis of opportunity for “effective data use”. The paper concludes by providing a seven element model for how effective data use can be achieved.}, number={2}, journal={First Monday}, author={Gurstein, Michael B.}, year={2011}, month={Jan.} }