@Misc{
    wiki:opendata,
    author = "{Wikipedia - Open Data}",
    title = "Open data --- {Wikipedia}{,} The Free Encyclopedia",
    year = "2020",
    url = "https://en.wikipedia.org/w/index.php?title=Open_data&oldid=981085279",
    urldate = {2020-10-03}
}