@misc{ wiki:spring,
    author = "{Wikipedia - Spring Framework}",
    title = "Spring Framework --- {Wikipedia}{,} The Free Encyclopedia",
    year = "2020",
    url = "https://en.wikipedia.org/w/index.php?title=Spring_Framework&oldid=977829427",
    urldate = {2020-10-03}
  }