@misc{ wiki:elastic,
    author = "{Wikipedia - ElasticSearch}",
    title = "ElasticSearch --- {Wikipedia}{,} The Free Encyclopedia",
    year = "2020",
    url = "https://en.wikipedia.org/w/index.php?title=Elasticsearch&oldid=978838583",
    urldate = {2020-10-03}
  }